@misc{eu-114-2014,
  author={{Council of European Union}},
  title={Commission Decision of 1 March 2013 establishing the guidelines for Member States on calculating renewable energy from heat pumps from different heat pump technologies pursuant to Article 5 of Directive 2009/28/EC of the European Parliament and of the Council},
  year={2013},
  url={https://eur-lex.europa.eu/legal-content/EN/TXT/?uri=CELEX%3A02013D0114-20130306},
  journal={European Union News},
  language={English},
}

@misc{ehpa_2015, 
  title={European Heat Pump Market and Statistics Report 2015 - EHPA}, 
  url={https://www.ehpa.org/fileadmin/red/07._Market_Data/2014/EHPA_European_Heat_Pump_Market_and_Statistics_Report_2015_-_executive_Summary.pdf}, 
  author={The European Heat Pump Association AISBL (EHPA)}, 
  year={2015}
} 

@misc{cso_2020, 
  title={Housing Stock}, 
  url={https://www.cso.ie/en/releasesandpublications/ep/p-cp1hii/cp1hii/hs/}, 
  author={Central Statistics Office}, 
  year={2020}
} 

@misc{seai_2020, 
  title={SEAI Data and Insights}, 
  url={https://www.seai.ie/data-and-insights/seai-statistics/energy-data/}, 
  author={Sustainable Enegry Authority of Ireland}, 
  year={2020}
} 

@misc{degreedays,
  title = {Degree Days},
  howpublished = {\url{https://www.degreedays.net/}},
  note = {Accessed: 2022-10-25},
  author = {BizEE Software},
}

@book{ashrae_2009,
	title = {2009 {ASHRAE} Handbook: Fundamentals},
	isbn = {978-1-933742-55-7},
	url = {https://books.google.ie/books?id=D65XPgAACAAJ},
	series = {2009 Ashrae Handbook - Fundamentals},
	publisher = {American Society of Heating, Refrigeration and Air-Conditioning Engineers},
	institution = {ASHRAE},
	author = {Owen, M.S. and American Society of Heating, Refrigerating and Engineers, Air-Conditioning},
	date = {2009},
	file = {SI_F09_Ch14.pdf:D\:\\Google Drive\\Year 5\\Thesis\\Research Papers\\SI_F09_Ch14.pdf:application/pdf},
}
